@inproceedings{lda-lsa,
 author = {Arora, Rachit and Ravindran, Balaraman},
 title = {Latent Dirichlet Allocation and Singular Value Decomposition Based Multi-document Summarization},
 booktitle = {Proceedings of the 2008 Eighth IEEE International Conference on Data Mining},
 series = {ICDM '08},
 year = {2008},
 isbn = {978-0-7695-3502-9},
 pages = {713--718},
 numpages = {6},
 url = {http://dx.doi.org/10.1109/ICDM.2008.55},
 doi = {10.1109/ICDM.2008.55},
 acmid = {1511426},
 publisher = {IEEE Computer Society},
 address = {Washington, DC, USA},
 keywords = {Natural Language Processing, Multi-Document Summarization},
} 

@inproceedings{hmm,
 author = {Conroy, John M. and O'leary, Dianne P.},
 title = {Text summarization via hidden Markov models},
 booktitle = {Proceedings of the 24th annual international ACM SIGIR conference on Research and development in information retrieval},
 series = {SIGIR '01},
 year = {2001},
 isbn = {1-58113-331-6},
 location = {New Orleans, Louisiana, USA},
 pages = {406--407},
 numpages = {2},
 url = {http://doi.acm.org/10.1145/383952.384042},
 doi = {10.1145/383952.384042},
 acmid = {384042},
 publisher = {ACM},
 address = {New York, NY, USA},
 keywords = {automatic summarization, document summarization, extract summaries, hidden Markov models, text summarization},
} 

@inproceedings{Daume:2006,
 author = {Daum{\'e},III, Hal and Marcu, Daniel},
 title = {Bayesian query-focused summarization},
 booktitle = {Proceedings of the 21st International Conference on Computational Linguistics and the 44th annual meeting of the Association for Computational Linguistics},
 series = {ACL-44},
 year = {2006},
 location = {Sydney, Australia},
 pages = {305--312},
 numpages = {8},
 url = {http://dx.doi.org/10.3115/1220175.1220214},
 doi = {10.3115/1220175.1220214},
 acmid = {1220214},
 publisher = {Association for Computational Linguistics},
 address = {Stroudsburg, PA, USA},
} 

@article{Edmundson:1969,
 author = {Edmundson, H. P.},
 title = {New Methods in Automatic Extracting},
 journal = {J. ACM},
 issue_date = {April 1969},
 volume = {16},
 number = {2},
 month = apr,
 year = {1969},
 issn = {0004-5411},
 pages = {264--285},
 numpages = {22},
 url = {http://doi.acm.org/10.1145/321510.321519},
 doi = {10.1145/321510.321519},
 acmid = {321519},
 publisher = {ACM},
 address = {New York, NY, USA},
} 

@article{Ferrucci:2011,
 author = {Ferrucci, David A.},
 title = {IBM's Watson/DeepQA},
 journal = {SIGARCH Comput. Archit. News},
 issue_date = {June 2011},
 volume = {39},
 number = {3},
 month = jun,
 year = {2011},
 issn = {0163-5964},
 pages = {--},
 url = {http://doi.acm.org/10.1145/2024723.2019525},
 doi = {10.1145/2024723.2019525},
 acmid = {2019525},
 publisher = {ACM},
 address = {New York, NY, USA},
} 

@inproceedings{Gong:2001:GTS:383952.383955,
 author = {Gong, Yihong and Liu, Xin},
 title = {Generic text summarization using relevance measure and latent semantic analysis},
 booktitle = {Proceedings of the 24th annual international ACM SIGIR conference on Research and development in information retrieval},
 series = {SIGIR '01},
 year = {2001},
 isbn = {1-58113-331-6},
 location = {New Orleans, Louisiana, USA},
 pages = {19--25},
 numpages = {7},
 url = {http://doi.acm.org/10.1145/383952.383955},
 doi = {10.1145/383952.383955},
 acmid = {383955},
 publisher = {ACM},
 address = {New York, NY, USA},
 keywords = {generic text summarization, relevance measure, semantic analysis},
} 
@book{lucene,
 author = {Hatcher, Erik and Gospodnetic, Otis},
 title = {Lucene in Action (In Action series)},
 year = {2004},
 isbn = {1932394281},
 publisher = {Manning Publications Co.},
 address = {Greenwich, CT, USA},
} 
@inproceedings{Harabagiu:2005,
 author = {Harabagiu, Sanda and Lacatusu, Finley},
 title = {Topic themes for multi-document summarization},
 booktitle = {Proceedings of the 28th annual international ACM SIGIR conference on Research and development in information retrieval},
 series = {SIGIR '05},
 year = {2005},
 isbn = {1-59593-034-5},
 location = {Salvador, Brazil},
 pages = {202--209},
 numpages = {8},
 url = {http://doi.acm.org/10.1145/1076034.1076071},
 doi = {10.1145/1076034.1076071},
 acmid = {1076071},
 publisher = {ACM},
 address = {New York, NY, USA},
 keywords = {summarization, topic themes},
} 
@article{aquaint,
author = {David Graff},
title = {{The AQUAINT corpus of english news text}},
year = {2002},
masid = {3857021}
}
@inproceedings{Hovy:1998:ATS:1119089.1119121,
 author = {Hovy, Eduard and Lin, Chin-Yew},
 title = {Automated text summarization and the SUMMARIST system},
 booktitle = {Proceedings of a workshop on held at Baltimore, Maryland: October 13-15, 1998},
 series = {TIPSTER '98},
 year = {1998},
 location = {Baltimore, Maryland},
 pages = {197--214},
 numpages = {18},
 url = {http://dx.doi.org/10.3115/1119089.1119121},
 doi = {10.3115/1119089.1119121},
 acmid = {1119121},
 publisher = {Association for Computational Linguistics},
 address = {Stroudsburg, PA, USA},
} 
@article{Luhn:1958,
 author = {Luhn, H. P.},
 title = {The automatic creation of literature abstracts},
 journal = {IBM J. Res. Dev.},
 issue_date = {April 1958},
 volume = {2},
 number = {2},
 month = apr,
 year = {1958},
 issn = {0018-8646},
 pages = {159--165},
 numpages = {7},
 url = {http://dx.doi.org/10.1147/rd.22.0159},
 doi = {10.1147/rd.22.0159},
 acmid = {1662360},
 publisher = {IBM Corp.},
 address = {Riverton, NJ, USA},
} 
@book{mahout,
 author = {Owen, Sean and Anil, Robin and Dunning, Ted and Friedman, Ellen},
 title = {Mahout in Action},
 year = {2011},
 isbn = {1935182684, 9781935182689},
 publisher = {Manning Publications Co.},
 address = {Greenwich, CT, USA},
} 
@article{rouge,
author = {Chin-Yew Lin},
title = {{ROUGE: A Package for Automatic Evaluation of Summaries}},
year = {2004},
masid = {2380175}
}
@TECHREPORT{nutch,
    author = {Rohit Khare and Doug Cutting},
    title = {Nutch: A flexible and scalable open-source web search engine},
    institution = {},
    year = {2004}
}
@book{tika,
 author = {Mattmann, Chris and Zitting, Jukka},
 title = {Tika in Action},
 year = {2011},
 isbn = {1935182854, 9781935182856},
 publisher = {Manning Publications Co.},
 address = {Greenwich, CT, USA},
} 